@book{raschka,
    title = {Python Machine Learning: Machine Learning and Deep Learning with Python, scikit-learn and TensorFlow 2, 3rd Edition},
    year = {2019},
    publisher = {Packt Publishing}
}


@book{chemistry,
    author    = "Petrucci et al.",
    title     = "General Chemistry: Principles and Modern Applications",
    year      = "2016",
    publisher = "Pearson; 11th edition",
}

@book{haken,
    author    = "Hermann Haken. Hans Christoph Wolf.",
    title     = "The Physics of Atoms and Quanta: Introduction to Experiments and Theory",
    year      = "2005",
    publisher = "Springer; 7th rev. and enlarged ed. 2005 edition",
}

@book{griffiths,
    author    = "David J. Griffiths.",
    title     = "Introduction to Electrodynamics",
    year      = "2017",
    publisher = "Cambridge University Press",
}





@book{aurelion,
    title = {Hands-On Machine Learning
with Scikit-Learn, Keras, and
TensorFlow},
    year = {2019},
    publisher = {O’Reilly Media, Inc., 1005 Gravenstein Highway North,
Sebastopol, CA 95472}
}


@online{ucla,
    title = "Machine Learning for Physics and the Physics of Learning",
    url  = "http://www.ipam.ucla.edu/programs/long-programs/machine-learning-for-physics-and-the-physics-of-learning/",
    addendum = "(accessed: 14.12.2020)",
}



@online{CMy,
    title = "DScribe",
    url  = "https://singroup.github.io/dscribe/latest/tutorials/coulomb_matrix.html",
    addendum = "(accessed: 17.02.2021)",
}



@online{lidar,
    title = "What is LiDAR",
    url  = "https://www.bridgerphotonics.com/learn/what-lidar",
    addendum = "(accessed: 08.02.2021)",
}



@online{industry,
    title = "Spectroscopy Uses in the Petrochemical and Refining Industry",
    url  = "https://guided-wave.com/nir-spectroscopy-petrochemical-refineries/",
    addendum = "(accessed: 08.02.2021)",
}


@online{env,
    title = "Environmental Spectroscopy",
    url  = "https://www.dlr.de/schoollab/en/Portaldata/24/Resources/dokumente/op/Environmental_Spectroscopy_korrigiert_04.11.pdf",
    addendum = "(accessed: 08.02.2021)",
}


https://wiki.fysik.dtu.dk/ase/tutorials/atomization.html

@online{atomization,
    title = "Atomic Simulation Environment",
    url  = "https://wiki.fysik.dtu.dk/ase/tutorials/atomization.html",
    addendum = "(accessed: 21.03.2021)",
}


https://www.dlr.de/schoollab/en/Portaldata/24/Resources/dokumente/op/Environmental_Spectroscopy_korrigiert_04.11.pdf



@online{forensics,
    title = "Spectroscopy and Forensics",
    url  = "https://sensing.konicaminolta.us/us/blog/spectroscopy-and-forensics/",
    addendum = "(accessed: 08.02.2020)",
}


@article{paper,
    author = "Kunal Ghosh. Annika Stuke. Milica Todorović. Peter Bjørn. Jørgensen Mikkel. N. Schmidt.
Aki Vehtari. and Patrick Rinke.*",
    title = "Deep Learning Spectroscopy: Neural Networks for
Molecular Excitation Spectra",
    journal = "Advanced Science",
    DOI = "10.1002/advs.201801367",
}

@online{blog-spectr,
    title = "What is Spectroscopy Used For?",
    url  = "https://www.pasco.com/resources/blog/241",
    addendum = "(accessed: 14.12.2020)",
}

@online{Python,
    title = "Python language website",
    url  = "https://www.python.org/",
    addendum = "(accessed: 07.01.2021)",
}

@online{Keras,
    title = "Keras API website",
    url  = "https://keras.io/about/",
    addendum = "(accessed: 16.01.2021)",
}


@online{numpy,
    title = "Numpy website",
    url  = "https://numpy.org/",
    addendum = "(accessed: 07.03.2021)",
}



@online{tf,
    title = "Tensorflow website",
    url  = "https://www.tensorflow.org/",
    addendum = "(accessed: 16.01.2021)",
}

@online{sklearn,
    title = "Scikit-learn website",
    url  = "https://scikit-learn.org/stable/index.html",
    addendum = "(accessed: 16.01.2021)",
}

@online{scp,
    title = "SciPy offical website",
    url  = "https://www.scipy.org/about.html",
    addendum = "(accessed: 16.01.2021)",
}

@online{mpl,
    title = "Matplotlib offical website",
    url  = "https://matplotlib.org/3.2.1/index.html",
    addendum = "(accessed: 16.01.2021)",
}

@online{histAI,
    title = "History of AI Winters",
    url  = "https://www.actuaries.digital/2018/09/05/history-of-ai-winters/#_edn1",
    addendum = "(accessed: 16.01.2021)",
}


@Article{Hunter:2007,
  Author    = {Hunter, J. D.},
  Title     = {Matplotlib: A 2D graphics environment},
  Journal   = {Computing in Science \& Engineering},
  Volume    = {9},
  Number    = {3},
  Pages     = {90--95},
  abstract  = {Matplotlib is a 2D graphics package used for Python for
  application development, interactive scripting, and publication-quality
  image generation across user interfaces and operating systems.},
  publisher = {IEEE COMPUTER SOC},
  doi       = {10.1109/MCSE.2007.55},
  year      = 2007
}


@article{neuron,
    author = "McCulloch, Warren S. Pitts, Walter",
    title = {"A logical calculus of the ideas immanent in nervous activity"},
    journal = "The bulletin of mathematical biophysics",
    year = "1943",
    DOI = "https://doi.org/10.1007/BF02478259",
}





@online{NNSchematic,
    title = "Schematic of a neural network",
    url  = "https://knowingneurons.com/2018/04/11/artificial-neural-network/",
    addendum = "(accessed: 23.01.2021)",
}

@online{dataset,
    title = "Quantum-machine",
    url  = "http://quantum-machine.org/datasets/",
    addendum = "(accessed: 23.01.2021)",
}

@article{blum,
  author  = {L. C. Blum. and J.-L. Reymond.},
  title   = {970 Million Druglike Small Molecules for Virtual Screening in the Chemical Universe Database {GDB-13}},
  journal = "J. Am. Chem. Soc.",
  volume  = 131,
  pages   = 8732,
  year    = 2009
}

@ARTICLE{rupp,
  author  = {M. Rupp. and A. Tkatchenko. and K.-R. M\"uller. and O. A. von Lilienfeld.},
  title   = {Fast and accurate modeling of molecular atomization energies with machine learning},
  journal = "Physical Review Letters",
  year    = 2012,
  volume  = 108,
  pages   = 058301
}

@techreport{adaline,
    author    = "B. Widrow and others.",
    title     = "An Adaptive Adaline Neuron Using Chemical Memistors",
    year      = "1960",
    publisher = "Stanford Electronics Laboratories",
    address   = "Stanford, CA,"
}

@online{MLpipeline,
    title = "Ram ai",
    url  = "https://ram-ai.com/en/",
    addendum = "(accessed: 28.01.2021)",
}

@online{DeepLearningChess,
    title = "Erikbern",
    url  = "https://erikbern.com/2014/11/29/deep-learning-for-chess.html",
    addendum = "(accessed: 28.01.2021)",
}

@online{intel,
    title = "Intel",
    url  = "https://www.intel.com/content/www/us/en/silicon-innovations/moores-law-technology.html",
    addendum = "(accessed: 28.01.2021)",
}

@techreport{rumelhart1985learning,
  title={Learning internal representations by error propagation},
  author={Rumelhart, David E and Hinton, Geoffrey E and Williams, Ronald J.},
  year={1985},
  institution={California Univ San Diego La Jolla Inst for Cognitive Science}
}

@online{gradient,
    title = "Github of rasbt",
    url  = "https://rasbt.github.io/mlxtend/user_guide/general_concepts/gradient-optimization_files/ball.png
",  addendum = "(accessed: 28.01.2021)",
}

@article{baydin2014automatic,
  title={Automatic differentiation of algorithms for machine learning},
  author={Baydin, Atilim Gunes and Pearlmutter, Barak A},
  journal={arXiv preprint arXiv:1404.7456},
  year={2014}
}




@online{numericalData,
    title = "towardsdatascience",
    url  = "https://towardsdatascience.com/data-types-from-a-machine-learning-perspective-with-examples-111ac679e8bc
",  addendum = "(accessed: 14.02.2021)",
}



@online{diDL,
    title = "Dive into deep learning",
    url  = "https://d2l.ai/index.html",
    addendum = "(accessed: 02.02.2021)",
}


@online{L2,
    title = "Wolfram Math World",
    url  = "https://mathworld.wolfram.com/L2-Space.html",
    addendum = "(accessed: 11.02.2021)",
}

@online{maszyny,
    title = "Perkin elmer",
    url  = "https://www.perkinelmer.com/category/infrared-ir-instruments",
    addendum = "(accessed: 11.02.2021)",
}


https://www.perkinelmer.com/category/infrared-ir-instruments


@online{spectrum,
    title = "EnM spectrum image",
    url  = "https://iamchaitanya.files.wordpress.com/2015/07/electromagneticspectrum-141b490bac872789434.jpg",
    addendum = "(accessed: 04.02.2021)",
}

@online{spectr_description,
    title = "Web MIT edu",
    url  = "http://mtweb.mtsu.edu/nchong/Spectroscopy-CHEM6230.pdf",
    addendum = "(accessed: 04.02.2021)",
}


@book{kryszewski,
    author    = "Stanisław Kryszewski.",
    title     = "Mechanika Kwantowa",
    year      = "2018",
    publisher = "Wydawnictwo Uniwersytetu Gdańskiego",
    address   = "Gdańsk"
}

@online{what_ML_IBM,
    title = "IBM official website",
    url  = "https://www.ibm.com",
    addendum = "(accessed: 04.02.2021)",
}

@online{pandas,
    title = "Pandas official website",
    url  = "https://pandas.pydata.org/",
    addendum = "(accessed: 07.03.2021)",
}



@book{Goodfellow-et-al-2016,
    title={Deep Learning},
    author={Ian Goodfellow and Yoshua Bengio and Aaron Courville},
    publisher={MIT Press},
    note={\url{http://www.deeplearningbook.org}},
    year={2016}
}







